 @inproceedings{EHRS00,
  author    = {J. Esparza and
               D. Hansel and
               P. Rossmanith and
               S. Schwoon},
  title     = {Efficient Algorithms for Model Checking Pushdown Systems.},
  booktitle = {CAV'00},
  publisher = {LNCS 1855},
  year      = {2000}
  }
  
  @article{FWW97,
  author    = {A. Finkel and
               B. Willems and
               P. Wolper},
  title     = {A direct symbolic approach to model checking pushdown systems.},
  journal   = {Electr. Notes Theor. Comput. Sci.},
  volume    = {9},
  year      = {1997}
}

@Comment @MISC{PALE:web,
@Comment     author = "{PALE - the Pointer Assertion Logic Engine}",
@Comment     Note = "{\tt http://www.brics.dk/PALE/}"
@Comment }

@inproceedings{BESS05,
  author    = {A. Bouajjani and
               J. Esparza and
               S. Schwoon and
               J. Strejcek},
  title     = {Reachability Analysis of Multithreaded Software with Asynchronous
               Communication.},
  booktitle = {FSTTCS'05},
  publisher = {LNCS 3821},
    year      = {2005}
}

@inproceedings{QR05,
  author    = {S. Qadeer and
               J. Rehof},
  title     = {Context-Bounded Model Checking of Concurrent Software},
  booktitle = {TACAS'05},
  publisher = {LNCS 3440},
  year      = {2005}
}

@inproceedings{God97,
  author    = {P. Godefroid},
  title     = {{Model checking for programming languages using Verisoft}},
  booktitle = {POPL'97},
  publisher = {ACM},
  year      = {1997}
}

@inproceedings{QM07,
  author    = {M. Musuvathi and S. Qadeer},
  title     = {Iterative Context Bounding for Systematic Testing of Multithreaded Programs},
  booktitle = {PLDI'07},
  publisher = {ACM},
  year      = {2007}
}

@inproceedings{RSY05,
  author    = {N. Rinetzky and M. Sagiv and E. Yahav},
  title     = {Interprocedural Shape Analysis for Cutpoint-Free Programs},
  booktitle = {SAS'05},
  publisher = {LNCS 3672},
  year      = {2005}
}

@inproceedings{Sagiv05,
  author    = {N. Rinetzky and J. Bauer and T. Reps and M. Sagiv and R. Wilhelm},
  title     = {A semantics for procedure local heaps and its abstractions},
  booktitle = {POPL'05},
  publisher = {ACM},
  year      = {2005}
}


@TechReport{QRaj05,
author = "S. Qadeer and S. Rajamani",
title = {Deciding Assertions in Programs with References},
institution = {Microsoft Research},
number = {MSR-TR-2005-08},
month = {September},
year = {2005}
}


@inproceedings{BEM97,
  author    = {A. Bouajjani and
               J. Esparza and
               O. Maler},
  title     = {Reachability Analysis of Pushdown Automata: Application
               to Model-Checking.},
  booktitle = {CONCUR'97},
  publisher = {LNCS 1243},
  year      = {1997}
}

@article{BET03,
  author    = {A. Bouajjani and
               J. Esparza and
               T. Touili},
  title     = {A Generic Approach to the Static Analysis of Concurrent
               Programs with Procedures.},
  journal   = {Int. J. Found. Comput. Sci.},
  volume    = {14},
  number    = {4},
  year      = {2003},
  pages     = {551-}
}

@inproceedings{BT03,
  author    = {A. Bouajjani and
               T. Touili},
  title     = {Reachability Analysis of Process Rewrite Systems.},
  booktitle = {FSTTCS},
  publisher = {Springer},
  series    = {LNCS},
  volume    = {2914},
  year      = {2003},
  pages     = {74-87}
}

@inproceedings{BT05,
  author    = {A. Bouajjani and
               T. Touili},
  title     = {On Computing Reachability Sets of Process Rewrite Systems.},
  booktitle = {Proc. of RTA'05},
  publisher = {Springer},
  series    = {LNCS},
  volume    = {3467},
  year      = {2005}}

@inproceedings{BMOT05,
  author    = {A. Bouajjani and
               M. M{\"u}ller-Olm and
               T. Touili},
  title     = {Regular Symbolic Analysis of Dynamic Networks of Pushdown
               Systems.},
  booktitle = {Proc. of CONCUR'05},
  publisher = {Springer},
  series    = {LNCS},
  volume    = {3653},
  year      = {2005}
}


@article{FS01,
  author    = {A. Finkel and
               Ph. Schnoebelen},
  title     = {Well-structured transition systems everywhere!},
  journal   = {TCS},
  volume    = {256},
  number    = {1-2},
  year      = {2001},
  pages     = {63-92}
}

@inproceedings{LS98,
  author    = {D. Lugiez and
               Ph. Schnoebelen},
  title     = {The Regular Viewpoint on {PA}-Processes.},
  booktitle = {Proc. of CONCUR'98},
  publisher = {Springer},
  series    = {LNCS},
  volume    = {1466},
  year      = {1998},
  pages     = {50-66}
}

@inproceedings{EP00,
  author    = {J. Esparza and
               A. Podelski},
  title     = {Efficient Algorithms for pre$^{\mbox{*}}$ and post$^{\mbox{*}}$
               on Interprocedural Parallel Flow Graphs.},
  booktitle = {POPL},
  year      = {2000},
  pages     = {1-11}
} 

@inproceedings{ACJT96,
  author    = {P. A. Abdulla and
               K. Cerans and
               B. Jonsson and
               Y.-K. Tsay},
  title     = {General Decidability Theorems for Infinite-State Systems.},
  booktitle = {LICS'96},
  year      = {1996},
  pages     = {313-321}
}

@Misc{berstel,
author = "J. Berstel",
title = "Transductions and Context-Free Langages",
howpublished  = {TeubnerStudienbucher Informatik},
YEAR = {1979}
}

@Article{Cou91,
   author=   "Bruno Courcelle",
   title=    "On construction obstruction sets of words",
   journal= "EATCS",
   year = "1991",
   volume=  "44",
   pages=  "178--185",
   month= "June"
}

@article{AJ96,
  author    = {Parosh Aziz Abdulla and
               Bengt Jonsson},
  title     = {Verifying Programs with Unreliable Channels},
  journal   = {Inf. Comput.},
  volume    = {127},
  number    = {2},
  year      = {1996},
  pages     = {91-101}
}

@article{ACBJ04,
  author    = {Parosh Aziz Abdulla and
               Aurore Collomb-Annichini and
               Ahmed Bouajjani and
               Bengt Jonsson},
  title     = {Using Forward Reachability Analysis for Verification of
               Lossy Channel Systems},
  journal   = {FMSD},
  volume    = {25},
  number    = {1},
  year      = {2004},
  pages     = {39-65}
}

@inproceedings{BE06,
  author    = {Ahmed Bouajjani and
               Javier Esparza},
  title     = {Rewriting Models of Boolean Programs},
  booktitle = {RTA},
publisher = {LNCS 4098},
  year      = {2006},
  pages     = {136-150}
}

@inproceedings{CV07,
  author    = {R. Chadha and
               Mahesh Viswanathan},
  title     = {Decidability Results for Well-Structured Transition Systems
               with Auxiliary Storage},
  booktitle = {CONCUR},
publisher = {LNCS 4703},
  year      = {2007},
  pages     = {136-150}
}

@inproceedings{SV06,
  author    = {Koushik Sen and
               Mahesh Viswanathan},
  title     = {Model Checking Multithreaded Programs with Asynchronous
               Atomic Methods},
  booktitle = {CAV},
publisher = {LNCS 4144},
  year      = {2006},
  pages     = {300-314}
}

 @inproceedings{CS07,
  	author =	{P. Chambard and P. Schnoebelen},
  	booktitle =	{FSTTCS'07},
  	  	pages =	{265-276},
  	publisher =	{LNCS 4855},
  	title =	{{P}ost Embedding Problem is not Primitive Recursive, with Applications to Channel Systems},
  	year =	{2007}
}
 
 @inproceedings{MadhuLICS07,
  author    = {Salvatore La Torre and
               Parthasarathy Madhusudan and
               Gennaro Parlato},
  title     = {A Robust Class of Context-Sensitive Languages},
  booktitle = {LICS},
  year      = {2007},
 publisher = {IEEE},
  pages     = {161-170}
}
 
 @inproceedings{Magic06,
  author    = {Sagar Chaki and
               Edmund M. Clarke and
               Nicholas Kidd and
               Thomas W. Reps and
               Tayssir Touili},
  title     = {Verifying Concurrent Message-Passing C Programs with Recursive
               Calls},
  booktitle = {TACAS},
 publisher = {LNCS 3920},
  year      = {2006},
  pages     = {334-349}
}

@inproceedings{EN98,
  author    = {E. Allen Emerson and
               Kedar S. Namjoshi},
  title     = {On Model Checking for Non-Deterministic Infinite-State Systems},
  booktitle = {LICS},
  year      = {1998},
  pages     = {70-80}
}

@inproceedings{EFM99,
    author = {J. Esparza and A. Finkel and R. Mayr},
    booktitle = {Proceedings of LICS '99},
    pages = {352--359},
    publisher = {IEEE Computer Society},
    title = {On the Verification of Broadcast Protocols},
    year = {1999}
}

@article{AJ03,
  author    = {Parosh A. Abdulla and
               Bengt Jonsson},
  title     = {Model checking of systems with many identical timed processes},
  journal   = {Theor. Comput. Sci.},
  volume    = {290},
  number    = {1},
  year      = {2003},
  pages     = {241-264}
}

@article{ACJT00,
  author    = {Parosh A. Abdulla and
               Karlis Cerans and
               Bengt Jonsson and
               Yih-Kuen Tsay},
  title     = {Algorithmic Analysis of Programs with Well Quasi-ordered
               Domains},
  journal   = {Inf. Comput.},
  volume    = {160},
  number    = {1-2},
  year      = {2000},
  pages     = {109-127}
}

@inproceedings{AJNS04,
  author    = {Parosh A. Abdulla and
               Bengt Jonsson and
               Marcus Nilsson and
               Mayank Saksena},
  title     = {{A Survey of Regular Model Checking}},
  booktitle = {CONCUR'04},
  year      = {2004},
  pages     = {35-48},
  publisher = {LNCS 3170}
}


@article{KMMPS01,
  author    = {Yonit Kesten and
               Oded Maler and
               Monica Marcus and
               Amir Pnueli and
               Elad Shahar},
  title     = {Symbolic model checking with rich assertional languages},
  journal   = {Theor. Comput. Sci.},
  volume    = {256},
  number    = {1-2},
  year      = {2001},
  pages     = {93-112}
}

@inproceedings{Bou01,
  author    = {Ahmed Bouajjani},
  title     = {Languages, Rewriting Systems, and Verification of Infinite-State
               Systems},
  booktitle = {ICALP'01},
  year      = {2001},
  pages     = {24-39},
publisher = {LNCS 2076}
}

@inproceedings{WB98,
  author    = {Pierre Wolper and
               Bernard Boigelot},
  title     = {Verifying Systems with Infinite but Regular State Spaces},
  booktitle = {CAV'98},
  year      = {1998},
  pages     = {88-97},
publisher = {LNCS 1427}
}

@article{CGJ97,
  author    = {Edmund M. Clarke and
               Orna Grumberg and
               Somesh Jha},
  title     = {Verifying Parameterized Networks},
  journal   = {ACM Trans. Program. Lang. Syst.},
  volume    = {19},
  number    = {5},
  year      = {1997},
  pages     = {726-750}
}

@article{Sagiv02,
    title = "{Parametric Shape Analysis via 3-valued Logic}",
    journal = "TOPLAS",
    author = "S. Sagiv and T.W. Reps and R. Wilhelm",
    volume = "24",
    number = "3",
    year = "2002"
}

@inproceedings{myrs05,
    author = "R. Manevich and E. Yahav and G. Ramalingam and M. Sagiv",
    title = "{Predicate Abstraction and Canonical Abstraction for Singly-Linked
              Lists}",
    booktitle = "Proc. of VMCAI'05",
    publisher = "Springer",
    series = "LNCS",
    volume = "3385",
    year = "2005"
}

@InProceedings{Reynolds02,
  author =       "J.C.~Reynolds",
  title =        "{Separation Logic: A Logic for Shared Mutable Data 
                   Structures}",
  booktitle =    "Proc. of LICS'02",
  publisher =    "IEEE CS Press",
  year =         "2002",
}

@inproceedings{dino06a,
    author = "D. Distefano and P.W. O'Hearn and H. Yang",
    title = "{A Local Shape Analysis Based on Separation Logic}",
    booktitle = "Proc. of TACAS'06",
    publisher = "Springer",
    series = "LNCS",
    volume = 3920,
    year = "2006"
}

@inproceedings{dino06b,
    author = "D. Distefano and Josh Berdine and Byron Cook and P.W. O'Hearn",
    title = "{Automatic Termination Proofs for Programs
              with Shape-shifting Heaps}",
    booktitle = "Proc. of CAV'06",
    publisher = "Springer",
    series = "LNCS",
    volume = "4144",
    year = "2006"
}

@inproceedings{cav06,
    author = "A. Bouajjani and M. Bozga and P. Habermehl and R. Iosif and 
              P. Moro and T. Vojnar",
    title = "{Programs with Lists are Counter Automata}",
    booktitle = "Proc. of CAV'06",
    publisher = "Springer",
    series = "LNCS",
    volume = "4144",
    year = "2006"
}

@inproceedings{BHRV06,
   author = "A. Bouajjani and P. Habermehl and A. Rogalewicz and T. Vojnar",
   title = "{Abstract Regular Tree Model Checking of Complex Dynamic Data
             Structures}",
   booktitle = {Proc. of SAS'06},
   publisher = "Springer",
   series = "LNCS",
   volume = "4134",
   year = {2006}
}

@inproceedings{BHV04,
    author = "A. Bouajjani and P. Habermehl and T. Vojnar",
    title = "{Abstract Regular Model Checking}",
    booktitle = "Proc. of CAV'04",
    publisher = "Springer",
    series = "LNCS",
    volume = 3114,
    year = "2004"
}

@inproceedings{BHMV05,
    author = "A. Bouajjani and P. Habermehl and P. Moro and T. Vojnar",
    title = "{Verifying Programs with Dynamic 1-Selector-Linked Structures in
              Regular Model Checking}",
    booktitle = "Proc. of TACAS'05",
    publisher = "Springer",
    series = "LNCS",
    volume = 3440,
    year = "2005"
}

@inproceedings{OHearn06,
  author    = {Peter W. O'Hearn},
  title     = {Separation Logic and Program Analysis},
  booktitle = {SAS'06},
  year      = {2006},
  pages     = {181},
 publisher = {LNCS 4134}
}

@inproceedings{pale97,
    author = "J.L. Jensen and M.E. J\o{}rgensen and N. Klarlund and M.I.
              Schwartzbach",
    title = "{Automatic Verification of Pointer Programs Using Monadic
              Second-order Logic}",
    booktitle = "Proc. of PLDI'97",
    year = "1997",
}

@inproceedings{composite07,
  author    = {Josh Berdine and
               Cristiano Calcagno and
               Byron Cook and
               Dino Distefano and
               Peter W. O'Hearn and
               Thomas Wies and
               Hongseok Yang},
  title     = {Shape Analysis for Composite Data Structures},
  booktitle = {CAV'07},
  year      = {2007},
  pages     = {178-192},
publisher = {LNCS 4590}
}

@article{Revesz93,
  author    = {Peter Z. Revesz},
  title     = {A Closed-Form Evaluation for Datalog Queries with Integer
               (Gap)-Order Constraints},
  journal   = {Theor. Comput. Sci.},
  volume    = {116},
  number    = {1{\&}2},
  year      = {1993},
  pages     = {117-149}
}

 @inproceedings{BFLS-avis06,
  	author =	{Bardin, S{\'e}bastien and Finkel, Alain and Lozes, {\'E}tienne and Sangnier, Arnaud},
  	booktitle =	{{P}roceedings of the 5th {I}ntern. {W}orkshop on {A}utomated {V}erification of {I}nfinite-{S}tate {S}ystems ({AVIS}'06)},
      	title =	{From Pointer Systems to Counter Systems Using Shape Analysis},
  	year =	{2006},
}
 
@inproceedings{BPZ07,
  author    = {Ittai Balaban and
               Amir Pnueli and
               Lenore D. Zuck},
  title     = {Shape Analysis of Single-Parent Heaps},
  booktitle = {VMCAI'07},
  year      = {2007},
  pages     = {91-105},
publisher = {LNCS 4349}
}

@inproceedings{ADHR07,
  author    = {Parosh A. Abdulla and
               Giorgio Delzanno and
               Noomene Ben Henda and
               Ahmed Rezine},
  title     = {Regular Model Checking Without Transducers (On Efficient
               Verification of Parameterized Systems)},
  booktitle = {TACAS'07},
  year      = {2007},
  pages     = {721-736},
publisher = {LNCS 4424}
}

@inproceedings{ADR07,
  author    = {Parosh A. Abdulla and
               Giorgio Delzanno and
               Ahmed Rezine},
  title     = {Parameterized Verification of Infinite-State Processes with
               Global Conditions},
  booktitle = {CAV'07},
  year      = {2007},
  pages     = {145-157},
publisher = {LNCS 4590}
  }


@inproceedings{LQ06,
  author    = {Shuvendu K. Lahiri and
               Shaz Qadeer},
  title     = {Verifying properties of well-founded linked lists},
  booktitle = {POPL},
  year      = {2006},
  pages     = {115-126}
}

% added by daz 2008/04/18
@string{it = "Dept. of Information Technology, Uppsala University, Sweden"}
@string{docs = "Dept. of Computer Systems, Uppsala University, Sweden"}
@TechReport{      it:2008-015,
  author	= {Parosh Aziz Abdulla and Ahmed Bouajjani and Jonathan Cederberg and Fr{\'e}d{\'e}ric Haziza and Ahmed Rezine},
  title		= {Monotonic Abstraction for Programs with Dynamic Memory Heaps},
  institution	= it,
  department	= docs,
  year		= 2008,
  number	= {2008-015},
  month	        = "April"
}
%  note		= {To appear in the Proc. of CAV 2008}
