@PREAMBLE{  "\def\Nst#1{$#1^{st}$}"
	  # "\def\Nnd#1{$#1^{nd}$}"
	  # "\def\Nrd#1{$#1^{rd}$}"	  # "\def\Nth#1{$#1^{th}$}" }

@string{Springer = 	"Springer"}

@string{LNCS = "LNCS"}
@string{TCS = "Theoretical Computer Science"}
@string{CONCUR02 = "Proc.\ {CONCUR 2002}, \Nth{13} Int.\ Conf.\ on Concurrency Theory"}
@string{JACM = "Journal of the ACM"}
@string{CAV01 = "Proc.\ \Nth{13} Int.\ Conf.\ on Computer Aided Verification"}
@string{CAV02 = "Proc.\ \Nth{14} Int.\ Conf.\ on Computer Aided Verification"}
@string{CAV03 = "Proc.\ \Nth{15} Int.\ Conf.\ on Computer Aided Verification"}
@string{TACAS01 = "Proc.\ {TACAS '01}, \Nth{7} Int.\ Conf.\ on Tools and Algorithms for the Construction and Analysis of Systems"}
@string{VMCAI13 = "{VMCAI}"}
% @string{VMCAI13 = "{\Nth{14} International Conference on Verification, Model Checking, and Abstract Interpretation}"}

%% ========================================================================
@INPROCEEDINGS{AbHaHo:view:abstraction,
	author    = "Parosh Aziz Abdulla and Fr\'ed\'eric Haziza and Luk\'a\v s Hol\'ik",
	title     = "All for the Price of Few (Parameterized Verification through View Abstraction)",
	booktitle = VMCAI13,
	series    = LNCS,
	volume    = "7737",
	pages     = "476-495",
	year      = 2013,
}

@INPROCEEDINGS{AbDeRe:context:sensitive,
	author    = "Parosh Aziz Abdulla and Giorgio Delzanno and Ahmed Rezine",
	title     = {Approximated Context-Sensitive Analysis for Parameterized Verification},
	booktitle = {FORTE'09},
	series    = LNCS,
	pages     = {41-56},
	year      = {2009},
	isbn      = {978-3-642-02137-4},
	volume    = {5522},
	editor    = {Lee, David and Lopes, Ant√≥nia and Poetzsch-Heffter, Arnd},
	doi       = {10.1007/978-3-642-02138-1_3},
	url       = {http://dx.doi.org/10.1007/978-3-642-02138-1_3},
	publisher = {Springer},
}

@article{KMMPS2001,
	author = "Y. Kesten and O. Maler and M. Marcus and A. Pnueli and E. Shahar",
	title = "Symbolic Model Checking with Rich Assertional Languages",
	journal= tcs,
	year   = 2001,
	volume = 256,
	pages  = {93--112},
}

@INPROCEEDINGS{AJNO:simple,
	author = "Parosh Aziz Abdulla and Bengt Jonsson and Marcus Nilsson and Julien d'Orso",
	title = "Regular Model Checking Made Simple and Efficient",
	booktitle = CONCUR02,
	series = LNCS,
	volume = "2421",
	pages = "116-130",
	year = 2002,
}

@inproceedings{BLW03,
	author	= "Bernard Boigelot and Axel Legay and Pierre Wolper",
	title	 = "Iterating Transducers in the Large",
	booktitle = CAV03,
	series	= LNCS,
	volume	= "2725",
	year	  = "2003",
	pages	 = "223--235"
}

@article{GerSis:many,
	author = "S. M. German and A. P. Sistla",
	title = "Reasoning about Systems with Many Processes",
	journal = JACM,
	year = 1992,
	pages = "675-735",
	number = 3,
	volume = 39,
}

@INPROCEEDINGS{PXZ02,
	author = "A. Pnueli and J. Xu  and L. Zuck ",
	title = "Liveness with (0,1,infinity)-Counter Abstraction",
	booktitle = CAV02,
	series = LNCS,
	volume = 2404,
	year =  2002,
}
		  
@inProceedings{APRXZ01,
	author    = "T. Arons and A. Pnueli and S. Ruah and J. Xu and L. Zuck",
	title	 = {Parameterized verification with automatically computed inductive assertions},
	Editor	= "Berry and Comon and Finkel",
	booktitle = CAV01,
	Series	= LNCS,
	Volume	= 2102,
	year	  = 2001,
	pages	 = {221--234}
}

@inProceedings{PRZ-tacas01,
	author	  = "A. Pnueli and S. Ruah and L. Zuck",
	title	  = "Automatic Deductive Verification with Invisible Invariants",
	booktitle = tacas01,
	volume	  = 2031,
	year	  = 2001,
	pages	  = {82--97},
}

@INPROCEEDINGS{CTV06,
	author = "E. Clarke and M. Talupur and H. Veith",
	title = "Environment Abstraction for Parameterized Verification",
	booktitle = {VMCAI'06},
	series = LNCS,
	publisher = Springer,
	volume = 3855,
	pages = "126-141",
	year = 2006,
}

@INPROCEEDINGS{rmc:wo:transducers,
	author    = "Parosh Aziz Abdulla and Noomene Ben Henda and Giorgio Delzanno and Ahmed Rezine",
	title     = "Regular Model Checking without Transducers (On Efficient Verification of Parameterized Systems)",
	booktitle = {TACAS'07},
	series    = LNCS,
	pages     = {721-736},
	volume    = 4424,
	publisher = Springer,
	year      = 2007,
}

@inproceedings{cutoff,
	author    = {Alexander Kaiser and Daniel Kroening and Thomas Wahl},
	title     = {Dynamic Cutoff Detection in Parameterized Concurrent Programs},
	booktitle = {CAV'10},
	year      = {2010},
	pages     = {645-659},
	publisher = {Springer},
	series    = {LNCS},
	volume    = {6174},
}

@inproceedings{BHV04,
        author = "A. Bouajjani and P. Habermehl and T. Vojnar",
        title = "Abstract Regular Model Checking",
        booktitle = {CAV'04},
	series =        LNCS,
        publisher =     Springer,
        Volume = 3114,
        pages = "372-386",
	year =		"2004"
}

@inproceedings{Namjoshi:VMCAI07,
  author    = {Kedar S. Namjoshi},
  title     = {Symmetry and Completeness in the Analysis of Parameterized
               Systems},
  booktitle = {VMCAI'07},
  year      = {2007},
  pages     = {299-313},
  publisher = {Springer},
  series    = {LNCS},
  volume    = {4349},
}

@article{abdulla:well,
  author    = {Parosh Aziz Abdulla},
  title     = {Well (and better) quasi-ordered transition systems},
  journal   = {Bulletin of Symbolic Logic},
  volume    = {16},
  number    = {4},
  year      = {2010},
  pages     = {457-515},
}

@INPROCEEDINGS{Parosh:Bengt:Karlis:Tsay:general,
        author = "Parosh Aziz Abdulla and Karlis {\v C}er{\=a}ns and Bengt Jonsson and Yih-Kuen Tsay ",
	title = "General Decidability Theorems for Infinite-State Systems", 
        booktitle = {LICS'96},
        pages= "313-321",
        year = 1996,
}

@TECHREPORT{Burns:protocol,
  author    = {Nancy A. Lynch and Boaz-Path Shamir},
  title     = {Distributed Algorithms, lecture notes for 6.852, fall 1992},
  number    = {MIT/LCS/RSS-20},
  publisher = {MIT},
  institution = {MIT},
  year      = {1993},
}

@INPROCEEDINGS{Szymanski:protocol,
 author = {Szymanski, B. K.},
 title = {A simple solution to Lamport's concurrent programming problem with linear wait},
 booktitle = {Proceedings of the 2nd international conference on Supercomputing},
 series = {ICS '88},
 year = {1988},
 isbn = {0-89791-272-1},
 location = {St. Malo, France},
 pages = {621--626},
 numpages = {6},
 url = {http://doi.acm.org/10.1145/55364.55425},
 doi = {10.1145/55364.55425},
 acmid = {55425},
 publisher = {ACM},
 address = {New York, NY, USA},
} 

@phdthesis{Marcus:thesis,
author = {Nilsson, Marcus},
institution = {Uppsala University, Division of Computer Systems},
pages = {149},
publisher = {Acta Universitatis Upsaliensis},
school = {Uppsala UniversityUppsala University, Division of Computer Systems, Computer Systems},
title = {Regular Model Checking},
series = {Uppsala Dissertations from the Faculty of Science and Technology},
number = {60},
year = {2005}
}

@article{Bakery,
 author = {Lamport, Leslie},
 title = {A New Solution of Dijkstra's Concurrent Programming Problem},
 journal = {Commun. ACM},
 issue_date = {Aug. 1974},
 volume = {17},
 number = {8},
 month = aug,
 year = {1974},
 issn = {0001-0782},
 pages = {453--455},
 numpages = {3},
 url = {http://doi.acm.org/10.1145/361082.361093},
 doi = {10.1145/361082.361093},
 acmid = {361093},
 publisher = {ACM},
 address = {New York, NY, USA},
 keywords = {concurrent programming, critical section, multiprocessing, semaphores},
} 
