@string{TACAS01 =	"{TACAS}"}
@string{CAV03 = 	"{CAV}"}
@string{CAV04 = 	"{CAV}"}
@string{CONCUR02 =	"{CONCUR}"}
@string{LICS99 = 	"{LICS}"}
@string{CAV00 = 	"{CAV}"}
@string{CAV01 = 	"{CAV}"}
@string{CAV02 = 	"{CAV}"}
@string{VMCAI06 =	"{VMCAI}"}
@string{TACAS07 = 	"{TACAS}"}
@string{POPL95 = 	"{POPL}"}

@string{Springer = 	"Springer"}
@string{LNCS = 		"LNCS"}


%% ========================================================================
%%     References...
%% ========================================================================
@inproceedings{Szymanski88,
  author    = {Boleslaw K. Szymanski},
  title     = {A simple solution to Lamport's concurrent programming problem
               with linear wait},
  booktitle = {ICS'88},
  year      = {1988},
  pages     = {621-626},
 publisher = {ACM},
}


@inproceedings{Szymanski:1990:MER:100512.100531,
 author = {Szymanski, B. K.},
 title = {Mutual exclusion revisited},
 series = {JCIT},
 year = {1990},
 pages = {110--119},
 publisher = {IEEE Computer Society Press},
} 


@inproceedings{environment_abstraction,
  author    = {Edmund M. Clarke and
               Muralidhar Talupur and
               Helmut Veith},
  title     = {Environment Abstraction for Parameterized Verification},
  booktitle = {VMCAI'06},
  year      = {2006},
  pages     = {126-141},
publisher = Springer,
series    = LNCS,
  volume    = {3855},
}

@inproceedings{boolean_and_cartesian,
  author    = {Thomas Ball and
               Andreas Podelski and
               Sriram K. Rajamani},
  title     = {Boolean and Cartesian abstraction for model checking C programs},
  journal   = {STTT},
  volume    = {5},
  number    = {1},
  year      = {2003},
  pages     = {49-58},
}

@inproceedings{cutoff,
  author    = {Alexander Kaiser and
               Daniel Kroening and
               Thomas Wahl},
  title     = {Dynamic Cutoff Detection in Parameterized Concurrent Programs},
  booktitle = {CAV'10},
  year      = {2010},
  pages     = {645-659},
  publisher = {Springer},
  series    = {LNCS},
  volume    = {6174},
}


@article{SPINModelChecker,
  author    = {Gerard J. Holzmann},
  title     = {The Model Checker SPIN},
  journal   = {IEEE Trans. Software Eng.},
  volume    = {23},
  number    = {5},
  year      = {1997},
  pages     = {279-295},
}

@inproceedings{TMisCA,
  author    = {Alexander Malkis and
               Andreas Podelski and
               Andrey Rybalchenko},
  title     = {Thread-Modular Verification Is Cartesian Abstract Interpretation},
  booktitle = {ICTAC'06},
  year      = {2006},
  pages     = {183-197},
  publisher = Springer,
  series    = {LNCS},
  volume    = {4281},
}


@inproceedings{ThreadModular,
  author    = {Cormac Flanagan and
               Shaz Qadeer},
  title     = {Thread-Modular Model Checking},
  booktitle = {SPIN'03},
  year      = {2003},
  pages     = {213-224},
  publisher = Springer,
  series    = {LNCS},
  volume    = {2648},
}

%% Reference to the Kanban systems
%% http://www.springerlink.com/content/h4117q31132r6224/

@inproceedings{Raskin:experiments:German,
  author    = {Gilles Geeraerts and
               Jean-Fran\c{c}ois Raskin and
               Laurent Van Begin},
  title     = {Expand, Enlarge and Check... Made Efficient},
  booktitle = {CAV'05},
  year      = {2005},
  pages     = {394-407},
  publisher = Springer,
  series    = {LNCS},
  volume    = {3576},
}

@article{Raskin:Viagra,
  author    = {Gilles Geeraerts and
               Jean-Fran\c{c}ois Raskin and
               Laurent Van Begin},
  title     = {{Expand, Enlarge and Check: New algorithms for the coverability problem of WSTS}},
  journal   = {J. Comput. Syst. Sci.},
  volume    = {72},
  number    = {1},
  year      = {2006},
  pages     = {180-203},
}

@MISC{ieee:1394,
  author = "{IEEE~Computer~Society}",
  title = "{IEEE} Standard for a High Performance Serial Bus",
  howpublished = "Std 1394-1995",
  year = 1996,
  month = Aug
}

@inProceedings{PRZ-tacas01,
  author    = {Amir Pnueli and
               Sitvanit Ruah and
               Lenore D. Zuck},
  title     = {Automatic Deductive Verification with Invisible Invariants},
  booktitle = {TACAS'01},
  year      = {2001},
  pages     = {82-97},
  publisher = {Springer},
  series    = LNCS,
  volume    = {2031},
}

@article{KMMPS2001,
         author = "Y. Kesten and O. Maler and M. Marcus and A. Pnueli
                  and E. Shahar",
         title = "Symbolic Model Checking with Rich Assertional
                  Languages",
         journal= tcs,
         year   = 2001,
         volume = 256,
         pages  = {93--112},
         }

@inproceedings{BLW03,
    author =    "Bernard Boigelot and Axel Legay and Pierre Wolper",
    title =        "Iterating Transducers in the Large",
    booktitle =     {CAV'03},
	publisher = Springer,
    series = LNCS,
    volume =        "2725",
    year =        "2003",
    pages =         "223--235"
}

@InProceedings{DLS01,
  author =       {D. Dams and Y. Lakhnech and M. Steffen},
  title =        {Iterating Transducers},
  booktitle =    {CAV'01},
  publisher = Springer,
  year =         2001,
  volume =       2102,
  series =       LNCS}

@article{Tou01,
        author = {T. Touili},
        title = {{Regular Model Checking using Widening Techniques}},
        journal = {Electronic Notes in Theoretical Computer Science},
        publisher = {Elsevier Science B. V.},
        volume = {50},
        number = {4},
        year = {2001},
        note = {Proc. of VEPAS'01}}

@inproceedings{BHV04,
        author = "A. Bouajjani and P. Habermehl and T. Vojnar",
        title = "Abstract Regular Model Checking",
        booktitle = {CAV'04},
	series =        LNCS,
        publisher =     Springer,
        Volume = 3114,
        pages = "372-386",
	year =		"2004"
}

@INPROCEEDINGS{AJNO:simple,
        Author = "Parosh Aziz Abdulla and Bengt Jonsson and Marcus Nilsson and Julien d'Orso",
	Title = "Regular Model Checking Made Simple and Efficient",
        BookTitle = {CONCUR'02},
        Series = LNCS,
        publisher = Springer,
        Volume = "2421",
        pages = "116-130",
        Year = 2002}

@article{GerSis:many,
	author = "S. M. German and A. P. Sistla",
	title = "Reasoning about Systems with Many Processes",
	journal = JACM,
	year = 1992,
	pages = "675-735",
	number = 3,
	volume = 39}

@INPROCEEDINGS{Esparza:Finkel:Mayr:LICS,
        Author = "J. Esparza and A. Finkel and R. Mayr",
        Title = "On the Verification of Broadcast Protocols",
		Booktitle = {LICS'99},
        Year = 1999,
 		publisher = {IEEE Computer Society},
}

@INPROCEEDINGS{Delzanno:cache,
        Author = "G. Delzanno",
	Title = "Automatic Verification of Cache Coherence Protocols",
        Editor = "Emerson and Sistla",
        BookTitle = {CAV'00},
        Series = LNCS,
	Publisher = Springer,
        Volume = 1855,
        pages = "53-68",
        Year = 2000}

@INPROCEEDINGS{Delzanno:futurebus,
  author    = {Giorgio Delzanno},
  title     = {Verification of Consistency Protocols via Infinite-State
               Symbolic Model Checking},
  booktitle = {FORTE'00},
  year      = {2000},
  pages     = {171-186},
  publisher = {Kluwer},
  series    = {IFIP Conference Proceedings},
  volume    = {183},
}

@INPROCEEDINGS{PXZ02,
         author = "A. Pnueli and J. Xu  and L. Zuck ",
         title = "Liveness with (0,1,infinity)-Counter Abstraction",
	 BookTitle = {CAV'02},
publisher = Springer,
         Series = LNCS,
         Volume = 2404,
	 Year =  2002
}

@inProceedings{APRXZ01,
        author    = "T. Arons and A. Pnueli and S. Ruah and J. Xu and
L. Zuck",
        title     = {Parameterized verification with automatically computed inductive assertions},
        booktitle = {CAV'01},
        Series = LNCS,
        publisher = Springer,
        Volume = 2102,
        year      = 2001,
        pages      = {221--234}
}

@inproceedings{Namjoshi:VMCAI07,
  author    = {Kedar S. Namjoshi},
  title     = {Symmetry and Completeness in the Analysis of Parameterized
               Systems},
  booktitle = {VMCAI'07},
  year      = {2007},
  pages     = {299-313},
  publisher = {Springer},
  series    = {LNCS},
  volume    = {4349},
}

@inproceedings{BLS02,
  author    = {Kai Baukus and
               Yassine Lakhnech and
               Karsten Stahl},
  title     = {Parameterized Verification of a Cache Coherence Protocol:
               Safety and Liveness},
  booktitle = {VMCAI'02},
  pages     = {317-330},
  publisher = Springer,
  series    = LNCS,
  volume    = {2294},
  year      = {2002},}

@inproceedings{MalkisPR07,
  title = {Precise Thread-Modular Verification},
  author = {Alexander Malkis and Andreas Podelski and Andrey Rybalchenko},
  year = {2007},
  pages = {218-232},
  booktitle = {SAS'07},
  volume = {4634},
  series = LNCS,
  publisher = Springer,
}

@INPROCEEDINGS{CTV06,
        Author = "E. Clarke and M. Talupur and H. Veith",
        Title = "Environment Abstraction for Parameterized Verification",
        BookTitle = {VMCAI'06},
        Series = LNCS,
		publisher = Springer,
        Volume = 3855,
        pages = "126-141",
        Year = 2006}

@INPROCEEDINGS{rmc:wo:transducers,
        Author = "Parosh Aziz Abdulla and Noomene Ben Henda and Giorgio Delzanno and Ahmed Rezine",
	Title = "Regular Model Checking without Transducers (On Efficient
		  Verification of Parameterized Systems)",
        BookTitle = {TACAS'07},
        series    = LNCS,
        pages     = {721-736},
        volume    = 4424,
        publisher = Springer,
        Year = 2007}

@INPROCEEDINGS{Emerson:Namjoshi:POPL95,
        Author = "E.A. Emerson and  K.S. Namjoshi",
        Title = "Reasoning about Rings",
		Booktitle = {POPL'95},
 	pages     = {85-94},
	Year = 1995}


@INPROCEEDINGS{EmKa:manyfew,
  author    = {E. Allen Emerson and
               Vineet Kahlon},
  title     = {Reducing Model Checking of the Many to the Few},
  booktitle = {CADE'00},
  year      = {2000},
  pages     = {236-254},
  publisher = {Springer},
  series    = {LNCS},
  volume    = {1831},
}

@INPROCEEDINGS{Parosh:non-atomic,
  author    = {Parosh Aziz Abdulla and
               Noomene Ben Henda and
               Giorgio Delzanno and
               Ahmed Rezine},
  title     = {Handling Parameterized Systems with Non-atomic Global Conditions},
  booktitle = {VMCAI'08},
  volume    = {4905},
  series    = {LNCS},
  publisher = {Springer},
  year      = {2008},
  pages     = {22-36},
}

@TECHREPORT{burnsinside,
  author    = {Nancy A. Lynch and
               Boaz-Path Shamir},
  title     = {Distributed Algorithms, lecture notes for 6.852, fall 1992},
  number	= {MIT/LCS/RSS-20},
  publisher = {MIT},
  institution = {MIT},
  year      = {1993},
}

@MISC{private,
  author    = {T. Vojnar},
  title     = {private communication},
  publisher = {private comminication},
  year      = {1993},
  month		= {June},
}

@article{abdulla:well,
  author    = {Parosh Aziz Abdulla},
  title     = {Well (and better) quasi-ordered transition systems},
  journal   = {Bulletin of Symbolic Logic},
  volume    = {16},
  number    = {4},
  year      = {2010},
  pages     = {457-515},
}


@inproceedings{Bingham:empirically,
  author    = {Jesse D. Bingham and
               Alan J. Hu},
  title     = {Empirically Efficient Verification for a Class of Infinite-State
               Systems},
  booktitle = {TACAS'05},
  pages     = {77-92},
  publisher = {Springer},
  series    = {LNCS},
  volume    = {3440},
  year      = {2005},
}

@INPROCEEDINGS{Parosh:Bengt:Karlis:Tsay:general,
        Author = "Parosh Aziz Abdulla and Karlis {\v C}er{\=a}ns and Bengt Jonsson
		  and Yih-Kuen Tsay ",
	Title = "General Decidability Theorems for Infinite-State Systems", 
        BookTitle = {LICS'96},
        pages= "313-321",
        Year = 1996,
}

@inproceedings{Ganty:Complete,
  author    = {Pierre Ganty and
               Jean-Fran\c{c}ois Raskin and
               Laurent Van Begin},
  title     = "{A Complete Abstract Interpretation Framework for Coverability
               Properties of WSTS}",
  booktitle = {VMCAI'06},
  year      = {2006},
  pages     = {49-64},
  publisher = {Springer},
  series    = {LNCS},
  volume    = {3855},
}
